@article{splaytree,
author = {Sleator, Daniel Dominic and Tarjan, Robert Endre},
title = {Self-Adjusting Binary Search Trees},
year = {1985},
issue_date = {July 1985},
publisher = {Association for Computing Machinery},
address = {New York, NY, USA},
volume = {32},
number = {3},
issn = {0004-5411},
url = {https://doi.org/10.1145/3828.3835},
doi = {10.1145/3828.3835},
journal = {J. ACM},
month = jul,
pages = {652â€“686},
numpages = {35}
}

@book{cormen2009hashtable,
  title={Introduction to algorithms},
  author={Cormen, Thomas H and Leiserson, Charles E and Rivest, Ronald L and Stein, Clifford},
  year={2009},
  publisher={MIT press},
  chapter={11}
}
